@manual{todd,
 author = {Todd, J.},
 title = {Clandestine file system driver},
 note = {http://www.rootkit.com/newsread.php?newsid=386},
}

